% Encoding: UTF-8
@Misc{CMSAPM,
  author       = {Department of Health and Human Services},
  title        = {APMs Overview},
  howpublished = {Online},
  timestamp    = {2017-12-01},
  url          = {https://qpp.cms.gov/apms/overview},
}
@Misc{WHOChronicDisease,
  author       = {World Health Organization},
  title        = {Chronic Diseases and Health Promotion},
  howpublished = {Online},
  timestamp    = {2017-11-25},
  url          = {http://www.who.int/chp/en/},
}
@Misc{CMS,
  author       = {Centers for Medicare and Medicaid Services},
  title        = {CMS Information Security and Privacy Overview},
  howpublished = {Online},
  timestamp    = {2017-12-01},
  url          = {https://www.cms.gov/Research-Statistics-Data-and-Systems/CMS-Information-Technology/InformationSecurity/index.html?redirect=/InformationSecurity/},
}
@Misc{WHODensity,
  author       = {World Health Organizaion},
  title        = {Density of Physicians (Total Number per 1000 Population): Latest Available Year},
  howpublished = {Online},
  timestamp    = {2017-11-26},
  url          = {http://www.who.int/gho/health_workforce/physicians_density/en/},
}
@Misc{ClinicalLeader,
  author       = {Suzanne Elvidge},
  title        = {Digging for Big Data Gold: Data Mining as a Route to Drug Development Success},
  howpublished = {Online},
  timestamp    = {2017-11-26},
  url          = {https://www.clinicalleader.com/doc/digging-for-big-data-gold-data-mining-as-a-route-to-drug-development-success-0001},
}
@Misc{WHOGHO,
  author       = {World Health Organization},
  title        = {Global Health Observatory (GHO) data},
  howpublished = {Online},
  timestamp    = {2017-11-30},
  url          = {http://www.who.int/gho/health_workforce/en/},
}
@Misc{WoldBankPerCapita,
  author       = {World Bank Group},
  title        = {Health Expenditure per Capita (current US\$)},
  howpublished = {Online},
  timestamp    = {2017-11-24},
  url          = {https://data.worldbank.org/indicator/SH.XPD.PCAP?end=2014&name_desc=true&start=2004&view=chart},
}
@Misc{CompPrices,
  author       = {United States Department of Labor},
  title        = {Long-Term Price Trends for Computers, TVs, and Related Items},
  howpublished = {Online},
  timestamp    = {2017-11-24},
  url          = {https://www.bls.gov/opub/ted/2015/long-term-price-trends-for-computers-tvs-and-related-items.htm},
}
@Misc{PrivacyAnalytics,
  author       = {Privacy Analytics, Inc.},
  title        = {Privacy Analytics Eclipse},
  howpublished = {Online},
  timestamp    = {2017-11-24},
  url          = {https://privacy-analytics.com/software/privacy-analytics-eclipse/},
}
@Misc{DISA,
  author       = {Defense Information Systems Agency},
  title        = {Security Technical Implementation Guides (STIGs)},
  howpublished = {Online},
  timestamp    = {2017-12-01},
  url          = {https://iase.disa.mil/stigs/Pages/index.aspx},
}
@Misc{StatistaPhones,
  author       = {Statista},
  title        = {Smartphones industry: Statistics \& Facts},
  howpublished = {Online},
  timestamp    = {2017-11-16},
  url          = {https://www.statista.com/topics/840/smartphones/},
}
@Misc{StatistaWearable,
  author       = {Statista},
  title        = {Statistics \& Facts on Wearable Technology},
  howpublished = {Online},
  timestamp    = {2017-11-16},
  url          = {https://www.statista.com/topics/1556/wearable-technology/},
}
@Misc{FightChronicDisease,
  author       = {Partnership to Fight Chronic Disease},
  title        = {The Growing Crisis of Chronic Disease in the United States},
  howpublished = {Online},
  timestamp    = {2017-11-25},
  url          = {https://www.fightchronicdisease.org/sites/default/files/docs/GrowingCrisisofChronicDiseaseintheUSfactsheet_81009.pdf},
}
@Misc{BigThink,
  author       = {Frank Jacobs},
  title        = {The Patients Per Doctor Map of the World},
  howpublished = {Online},
  timestamp    = {2017-12-01},
  url          = {http://bigthink.com/strange-maps/185-the-patients-per-doctor-map-of-the-world},
}
@Misc{eHealthInfo,
  author       = {CHEO Research Institute},
  title        = {What De-Identification Software Tools are There?},
  howpublished = {Online},
  timestamp    = {2017-11-24},
  url          = {http://www.ehealthinformation.ca/faq/de-identification-software-tools/},
}
@Misc{Datapine,
  author       = {Mona Lebied},
  title        = {9 Examples of Big Data Analytics in Healthcare That Can Save People},
  howpublished = {Online},
  month        = {05},
  year         = {2017},
  timestamp    = {2017-11-14},
  url          = {https://www.datapine.com/blog/big-data-examples-in-healthcare/},
}
@Misc{PocketLint,
  author       = {Max Langridge and Luke Edwards},
  title        = {Best Smart Clothes: Wearables to Improve Your Life},
  howpublished = {Online},
  month        = {10},
  year         = {2017},
  timestamp    = {2017-12-01},
  url          = {http://www.pocket-lint.com/news/131980-best-smart-clothes-wearables-to-improve-your-life},
}
@Article{PMC5343946,
  author    = {Karen He and Dongliang Ge and Max He},
  title     = {Big Data Analytics for Genomic Medicine},
  journal   = {International Journal of Molecular Sciences},
  year      = {2017},
  volume    = {18},
  number    = {2},
  pages     = {18},
  month     = {02},
  doi       = {10.3390/ijms18020412},
  timestamp = {2017-11-26},
  url       = {https://www.ncbi.nlm.nih.gov/pmc/articles/PMC5343946/},
}
@Misc{HealthCareITNews,
  author       = {Tom Sullivan},
  title        = {Cognitive Computing will Democratize Medicine, IBM Watson Officials Say},
  howpublished = {Online},
  month        = {04},
  year         = {2017},
  timestamp    = {2017-11-14},
  url          = {http://www.healthcareitnews.com/news/cognitive-computing-will-democratize-medicine-ibm-watson-officials-say},
}
@Misc{MedCity,
  author       = {Rick Altinger},
  title        = {Five Big Data Solutions to Manage Chronic Diseases},
  howpublished = {Online},
  month        = {08},
  year         = {2017},
  timestamp    = {2017-11-25},
  url          = {https://medcitynews.com/2017/08/five-big-data-solutions-manage-chronic-diseases/?rf=1},
}
@Misc{Census,
  author       = {Jessica Barnett and Edward Berchick},
  title        = {Health Insurance Coverage in the United States: 2016},
  howpublished = {Online},
  month        = {09},
  year         = {2017},
  timestamp    = {2017-12-01},
  url          = {https://www.census.gov/content/dam/Census/library/publications/2017/demo/p60-260.pdf},
}
@Misc{MedicalEconomics,
  author       = {KJ Lee},
  title        = {Here's How to Reduce Healthcare Costs},
  howpublished = {Online},
  month        = {05},
  year         = {2017},
  timestamp    = {2017-11-30},
  url          = {http://medicaleconomics.modernmedicine.com/medical-economics/news/here-s-how-reduce-healthcare-costs?page=0,1},
}
@Misc{NextWeb,
  author       = {Ben Dickson},
  title        = {How Artificial Intelligence is Revolutionizing Healthcare},
  howpublished = {Online},
  year         = {2017},
  timestamp    = {2017-11-30},
  url          = {https://thenextweb.com/artificial-intelligence/2017/04/13/artificial-intelligence-revolutionizing-healthcare/},
}
@Misc{HealthCatalyst,
  author       = {Ann Tinker},
  title        = {How to Improve Patient Outcomes for Chronic Diseases and Comorbidities},
  howpublished = {Online},
  year         = {2017},
  timestamp    = {2017-11-25},
  url          = {https://www.healthcatalyst.com/how-to-improve-chronic-diseases-comorbidities},
}
@Misc{IEEESpectrum,
  author       = {Eliza Strickland},
  title        = {IBM Watson Makes a Treatment Plan for Brain-Cancer Patient in 10 Minutes; Doctors Take 160 Hours},
  howpublished = {Online},
  month        = {08},
  year         = {2017},
  timestamp    = {2017-11-19},
  url          = {https://spectrum.ieee.org/the-human-os/biomedical/diagnostics/ibm-watson-makes-treatment-plan-for-brain-cancer-patient-  in-10-minutes-doctors-take-160-hours},
}
@Misc{ScalableHealth,
  author       = {Scalable Health},
  title        = {Managing Chronic Conditions using Big Data},
  howpublished = {Online},
  month        = {03},
  year         = {2017},
  timestamp    = {2017-11-25},
  url          = {https://www.scalablehealth.com/Resources/WP/SS_Chronic_Illness_ThoughtPaper.pdf},
}
@Misc{HCATop10,
  author       = {Jennifer Bresnick},
  title        = {Top 10 Challenges of Big Data Analytics in Healthcare},
  howpublished = {Online},
  month        = {06},
  year         = {2017},
  timestamp    = {2017-11-14},
  url          = {https://healthitanalytics.com/news/top-10-challenges-of-big-data-analytics-in-healthcare},
}
@Article{GeneticEpid,
  author    = {Lada Leyens and Matthias Reumann and others},
  title     = {Use of Big Data for Drug Development and for Public and Personal Health and Care},
  journal   = {Genetic Epidemiology},
  year      = {2017},
  volume    = {41},
  number    = {1},
  pages     = {51-60},
  month     = {01},
  doi       = {10.1002/gepi.22012},
  timestamp = {2017-11-26},
  url       = {http://onlinelibrary.wiley.com/doi/10.1002/gepi.22012/full},
}
@Misc{HCAPop,
  author       = {Jennifer Bresnick},
  title        = {Which Healthcare Data is Important for Population Health Management?},
  howpublished = {Online},
  month        = {06},
  year         = {2017},
  timestamp    = {2017-11-14},
  url          = {https://healthitanalytics.com/news/which-healthcare-data-is-important-for-population-health-management},
}
@Misc{MITSloan,
  author       = {Brian Eastwood},
  title        = {Bringing Big Data to Drug Discovery},
  howpublished = {Online},
  month        = {09},
  year         = {2016},
  timestamp    = {2017-11-26},
  url          = {http://mitsloan.mit.edu/newsroom/articles/bringing-big-data-to-drug-discovery/},
}
@Misc{Innovaccer,
  author       = {Abhinav Shashank},
  title        = {Chronic Care Management Marries Big Data},
  howpublished = {Online},
  month        = {12},
  year         = {2016},
  timestamp    = {2017-11-25},
  url          = {http://blog.innovaccer.com/chronic-care-management-marries-big-data/},
}
@Misc{Actuary,
  author       = {American Academy of Actuaries},
  title        = {Drivers of 2017 Health Insurance Premium Changes},
  howpublished = {Online},
  month        = {05},
  year         = {2016},
  timestamp    = {2017-11-30},
  url          = {https://www.actuary.org/content/drivers-2017-health-insurance-premium-changes-0},
}
@Misc{FortuneTrans,
  author       = {Laura Lorenzetti},
  title        = {Here's How IBM Watson Health is Transforming the Health Care Industry},
  howpublished = {Online},
  month        = {04},
  year         = {2016},
  timestamp    = {2017-11-15},
  url          = {http://fortune.com/ibm-watson-health-business-strategy/},
}
@Misc{HITAnalyticsChronic,
  author       = {Jennifer Bresnick},
  title        = {How Big Data, EHRs, IoT Combine for Chronic Disease Management},
  howpublished = {Online},
  month        = {02},
  year         = {2016},
  timestamp    = {2017-11-25},
  url          = {https://healthitanalytics.com/news/how-big-data-ehrs-iot-combine-for-chronic-disease-management},
}
@Misc{NYDaily,
  author       = {Alfred Ng},
  title        = {IBM’s Watson gives Proper Diagnosis for Japanese Leukemia Patient after Doctors were Stumped for Months},
  howpublished = {Online},
  month        = {08},
  year         = {2016},
  timestamp    = {2017-11-24},
  url          = {http://www.nydailynews.com/news/world/ibm-watson-proper-diagnosis-doctors-stumped-article-1.2741857},
}
@Misc{TheRegister,
  author       = {Out-Law.com},
  title        = {Use of Big Data Can Lead to `harmful exclusion, discrimination' – FTC},
  howpublished = {Online},
  month        = {01},
  year         = {2016},
  timestamp    = {2017-11-26},
  url          = {https://www.theregister.co.uk/2016/01/08/use_of_big_data_can_lead_to_harmful_exclusion_or_discrimination_us_regulator/},
}
@Misc{DigitalTrends,
  author       = {Malarie Gokey},
  title        = {Why smart clothes, not watches, are the future of wearables},
  howpublished = {Online},
  month        = {01},
  year         = {2016},
  timestamp    = {2017-12-01},
  url          = {https://www.digitaltrends.com/wearables/smart-clothing-is-the-future-of-wearables/},
}
@Misc{ForbesTrust,
  author       = {Bijan Khosravi},
  title        = {Will You Trust AI To Be Your New Doctor?},
  howpublished = {Online},
  month        = {03},
  year         = {2016},
  timestamp    = {2017-11-30},
  url          = {https://www.forbes.com/sites/bijankhosravi/2016/03/24/will-you-trust-ai-to-be-your-new-doctor-a-five-year-outcome/#3629545b3724},
}
@Misc{AceFitness,
  author       = {Caitlin Stackpool and John Porcari and others},
  title        = {ACE-sponsored Research: Are Activity Trackers Accurate?},
  howpublished = {Online},
  month        = {01},
  year         = {2015},
  timestamp    = {2017-12-01},
  url          = {https://www.acefitness.org/education-and-resources/professional/prosource/january-2015/5216/ace-sponsored-research-are-activity-trackers-accurate},
}
@Article{ScienceDirect,
  author    = {Zengjian Liu and Yangxin Chen and others},
  title     = {Automatic De-Identification of Electronic Medical Records using Token-Level and Character-Level Conditional Random Fields},
  journal   = {Journal of Biomedical Informatics},
  year      = {2015},
  volume    = {58},
  pages     = {S47-S52},
  month     = {12},
  doi       = {10.1016/j.jbi.2015.06.009},
  timestamp = {2017-11-24},
  url       = {http://www.sciencedirect.com/science/article/pii/S1532046415001197},
}
@Misc{HITAnalyticsGenomics,
  author       = {Sid Nair},
  title        = {How Advanced Genomics, Big Data will Enable Precision Medicine},
  howpublished = {Online},
  month        = {09},
  year         = {2015},
  timestamp    = {2017-11-26},
  url          = {https://healthitanalytics.com/news/how-advanced-genomics-big-data-will-enable-precision-medicine},
}
@Misc{HITAnalyticsHow,
  author       = {Jennifer Bresnick},
  title        = {How Healthcare Big Data Analytics Is Tackling Chronic Disease},
  howpublished = {Online},
  month        = {06},
  year         = {2015},
  timestamp    = {2017-11-25},
  url          = {https://healthitanalytics.com/news/how-healthcare-big-data-analytics-is-tackling-chronic-disease},
}
@Misc{FortuneArabic,
  author       = {Jonathan Vanian},
  title        = {IBM's Watson Supercomputer is Learning Arabic in Move to Middle East},
  howpublished = {Online},
  month        = {07},
  year         = {2015},
  timestamp    = {2017-11-15},
  url          = {http://fortune.com/2015/07/14/ibm-watson-home-middle-east/},
}
@Misc{Who400,
  author       = {World Healh Organization and World Bank},
  title        = {New Report Shows that 400 Million do not have Access to Essential Health Services},
  howpublished = {Online},
  month        = {06},
  year         = {2015},
  timestamp    = {2017-11-15},
  url          = {http://www.who.int/mediacentre/news/releases/2015/uhc-report/en/},
}
@Misc{i2b2,
  author       = {Partners Healthcare},
  title        = {2014 i2b2/UTHealth Shared-Tasks and Workshop on Challenges in Natural Language Processing for Clinical Data},
  howpublished = {Online},
  year         = {2014},
  timestamp    = {2017-11-24},
  url          = {https://www.i2b2.org/NLP/HeartDisease/},
}
@Misc{MKomo,
  author       = {Matthew Komorowski},
  title        = {A History of Storage Cost},
  howpublished = {Online},
  month        = {03},
  year         = {2014},
  timestamp    = {2017-11-24},
  url          = {http://www.mkomo.com/cost-per-gigabyte-update},
}
@Article{HealthAffairs,
  author    = {David Bates and Suchi Saria and others},
  title     = {Big Data in Health Care: Using Analytics to Identify and Manage High-Risk and High-Cost Patients},
  journal   = {Health Affairs},
  year      = {2014},
  volume    = {33},
  number    = {7},
  pages     = {1123-1131},
  doi       = {10.1377/hlthaff.2014.0041},
  timestamp = {2017-11-25},
  url       = {http://coe.neu.edu/healthcare/pdfs/publications/Health%20Aff-2014-Bates_Using%20Predictive%20Analytics.pdf},
}
@Misc{BusInsider,
  author       = {Lauren Friedman},
  title        = {IBM's Watson Supercomputer May Soon be the Best Doctor in the World},
  howpublished = {Online},
  month        = {04},
  year         = {2014},
  timestamp    = {2017-11-19},
  url          = {http://www.businessinsider.com/ibms-watson-may-soon-be-the-best-doctor-in-the-world-2014-4},
}
@Article{PMC4287097,
  author    = {MS Kohn and J Sun and others},
  title     = {IBM's Health Analytics and Clinical Decision Support},
  journal   = {Yearbook of Medical Informatics},
  year      = {2014},
  volume    = {9},
  number    = {1},
  pages     = {154-162},
  issn      = {0943-4747},
  doi       = {10.15265/IY-2014-0002},
  timestamp = {2017-11-12},
  url       = {https://www.ncbi.nlm.nih.gov/pmc/articles/PMC4287097/},
}
@Article{MayoClinic,
  author    = {Velma Payne and Hardeep Singh and others},
  title     = {Patient-Initiated Second Opinions: Systematic Review of Characteristics and Impact on Diagnosis, Treatment, and Satisfaction},
  journal   = {Mayo Clinic Proceedings},
  year      = {2014},
  volume    = {89},
  number    = {5},
  pages     = {687-696},
  month     = {05},
  doi       = {10.1016/j.mayocp.2014.02.015},
  timestamp = {2017-11-26},
  url       = {http://www.mayoclinicproceedings.org/article/S0025-6196(14)00245-6/fulltext},
}
@Misc{PubHealth,
  author       = {Geoff Appelboom and Elvis Camacho and others},
  title        = {Smart Wearable Body Sensors for Patient Self-Assessment and Monitoring},
  howpublished = {Online},
  year         = {2014},
  timestamp    = {2017-12-01},
  url          = {https://archpublichealth.biomedcentral.com/track/pdf/10.1186/2049-3258-72-28?site=http://archpublichealth.biomedcentral.com},
}
@Misc{Health,
  author       = {Alyssa Sparacino},
  title        = {11 Surprising Health Benefits of Sleep},
  howpublished = {Online},
  month        = {07},
  year         = {2013},
  timestamp    = {2017-12-01},
  url          = {http://www.health.com/health/gallery/0,,20459221,00.html#go-ahead-snooze--1},
}
@Article{Liebertpub,
  author    = {Meredith Barrett and Olivier Humblet and others},
  title     = {Big Data and Disease Prevention: From Quantified Self to Quantified Communities},
  journal   = {Big Data},
  year      = {2013},
  volume    = {1},
  number    = {3},
  pages     = {168-175},
  month     = {09},
  doi       = {10.1089/big.2013.0027},
  timestamp = {2017-11-25},
  url       = {http://online.liebertpub.com/doi/full/10.1089/big.2013.0027},
}
@Misc{OReilly,
  author       = {Bonnie Feldman},
  title        = {Genomics and the Role of Big Data in Personalizing the Healthcare Experience},
  howpublished = {Online},
  month        = {08},
  year         = {2013},
  timestamp    = {2017-11-26},
  url          = {https://www.oreilly.com/ideas/genomics-and-the-role-of-big-data-in-personalizing-the-healthcare-experience},
}
@Article{PMC3797360,
  author    = {Elizabeth Chapman and Anna Kaatz and Molly Carnes},
  title     = {Physicians and Implicit Bias: How Doctors May Unwittingly Perpetuate Health Care Disparities},
  journal   = {Journal of General Internal Medicine},
  year      = {2013},
  volume    = {28},
  number    = {11},
  pages     = {1504-1510},
  month     = {11},
  doi       = {10.1007/s11606-013-2441-1},
  timestamp = {2017-11-26},
  url       = {https://www.ncbi.nlm.nih.gov/pmc/articles/PMC3797360/},
}
@Misc{WhoRemote,
  author       = {Sameer Sawarkar},
  title        = {Remote Healthcare Solution},
  howpublished = {Online},
  year         = {2013},
  timestamp    = {2017-11-14},
  url          = {http://www.who.int/ehealth/resources/compendium_ehealth2013_7.pdf},
}
@Misc{Reuters,
  author       = {Kate Kelland},
  title        = {Chronic Disease to Cost \$47 Trillion by 2030: WEF},
  howpublished = {Online},
  month        = {09},
  year         = {2011},
  timestamp    = {2017-11-25},
  url          = {https://www.reuters.com/article/us-disease-chronic-costs/chronic-disease-to-cost-47-trillion-by-2030-wef-idUSTRE78H2IY20110918},
}
@Misc{PRB,
  author       = {D'Vera Cohn},
  title        = {The Growing Global Chronic Disease Epidemic},
  howpublished = {Online},
  month        = {05},
  year         = {2007},
  timestamp    = {2017-11-25},
  url          = {http://www.prb.org/Publications/Articles/2007/GrowingGlobalChronicDiseaseEpidemic.aspx},
}
@Misc{WHOResponse,
  author       = {World Health Organization},
  title        = {Evaluating the Costs and Benefits of National Surveillance and Response Systems},
  howpublished = {Online},
  year         = {2005},
  timestamp    = {2017-11-30},
  url          = {http://www.who.int/csr/resources/publications/surveillance/WHO_CDS_EPR_LYO_2005_25.pdf},
}
@Misc{Optum,
  author       = {Optum},
  title        = {Data Rich, Insight Poor},
  howpublished = {Online},
  timestamp    = {2017-12-02},
  url          = {https://cdn-aem.optum.com/content/dam/optum3/optum/en/images/infographics/Game_changer_Track_Two_04_Data_Rich_Insight_Poor_Infog_Images_2016.pdf},
}
@Misc{PsychologyToday,
  author       = {John Robison},
  title        = {Is Technology Making us Dumber?},
  howpublished = {Online},
  month        = {11},
  year         = {2009},
  timestamp    = {2017-12-02},
  url          = {https://www.psychologytoday.com/blog/my-life-aspergers/200911/is-technology-making-us-dumber},
}
@Misc{BeckerEHR,
  author       = {ASC Communications},
  title        = {Top 10 Countries for EHR Adoption},
  howpublished = {Online},
  month        = {06},
  year         = {2013},
  timestamp    = {2017-12-04},
  url          = {https://www.beckershospitalreview.com/healthcare-information-technology/top-10-countries-for-ehr-adoption.html},
}
@Misc{HITDashboard,
  author       = {United States Department of Health and Human Services},
  title        = {Health IT Dashboard},
  howpublished = {Online},
  month        = {08},
  year         = {2017},
  timestamp    = {2017-12-04},
  url          = {https://dashboard.healthit.gov/quickstats/quickstats.php},
}
@Comment{jabref-meta: databaseType:bibtex;}
