% Encoding: UTF-8
@Article{InsuranceJournal,
  author    = {Andrew Simpson},
  title     = {4 Million Driving Jobs at Risk from Autonomous Vehicles: Report},
  journal   = {Insurance Journal},
  year      = {2017},
  volume    = {March 27, 2017},
  month     = {03},
  timestamp = {2017-10-29},
  url       = {https://www.insurancejournal.com/news/national/2017/03/27/445638.htm},
}

@Misc{QuantitativeEconomics,
  author       = {Thomas Sargent and John Stachurski},
  title        = {A Lake Model of Employment and Unemployment},
  howpublished = {Online},
  year         = {2017},
  timestamp    = {2017-10-31},
  url          = {https://lectures.quantecon.org/jl/lake_model.html},
}

@Misc{BLSBusDrivers,
  author       = {United States Department of Labor},
  title        = {Bus Drivers},
  howpublished = {Online},
  month        = {10},
  year         = {2017},
  timestamp    = {2017-10-22},
  url          = {https://www.bls.gov/ooh/transportation-and-material-moving/bus-drivers.htm},
}

@Misc{BLSDeliveryDrivers,
  author       = {United States Department of Labor},
  title        = {Delivery Truck Drivers and Driver/Sales Workers},
  howpublished = {Online},
  month        = {10},
  year         = {2017},
  timestamp    = {2017-10-22},
  url          = {https://www.bls.gov/ooh/transportation-and-material-moving/delivery-truck-drivers-and-driver-sales-workers.htm},
}

@Misc{BLSUSEmployment,
  author       = {United States Department of Labor},
  title        = {Employment, Hours, and Earnings from the Current Employment Statistics survey (National)},
  howpublished = {Online},
  month        = {11},
  year         = {2017},
  timestamp    = {2017-11-05},
  url          = {https://data.bls.gov/timeseries/CES0000000001},
}

@Misc{BLSBigTrucks,
  author       = {United States Department of Labor},
  title        = {Heavy and Tractor-trailer Truck Drivers},
  howpublished = {Online},
  month        = {10},
  year         = {2017},
  timestamp    = {2017-10-22},
  url          = {https://www.bls.gov/ooh/transportation-and-material-moving/heavy-and-tractor-trailer-truck-drivers.htm},
}

@Misc{Wired,
  author       = {Aarian Marshall},
  title        = {ROBOCARS COULD ADD \$7 TRILLION TO THE GLOBAL ECONOMY},
  howpublished = {Online},
  month        = {06},
  year         = {2017},
  timestamp    = {2017-11-05},
  url          = {https://www.wired.com/2017/06/impact-of-autonomous-vehicles/},
}

@Misc{CNBC,
  author       = {Anita Balakrishnan},
  title        = {Self-driving cars could cost America's professional drivers up to 25,000 jobs a month, Goldman Sachs says},
  howpublished = {Online},
  month        = {05},
  year         = {2017},
  timestamp    = {2017-11-05},
  url          = {https://www.cnbc.com/2017/05/22/goldman-sachs-analysis-of-autonomous-vehicle-job-loss.html},
}

@Misc{BLSOnDemandDrivers,
  author       = {United States Department of Labor},
  title        = {Taxi Drivers, Ride-Hailing Drivers, and Chauffeurs},
  howpublished = {Online},
  month        = {10},
  year         = {2017},
  timestamp    = {2017-10-22},
  url          = {https://www.bls.gov/ooh/transportation-and-material-moving/taxi-drivers-and-chauffeurs.htm},
}

@TechReport{NBERw22672,
  author      = {Ioana Marinescu and Roland Rathelot},
  title       = {Mismatch Unemployment and the Geography of Job Search},
  institution = {National Bureau of Economic Research},
  year        = {2016},
  type        = {Working Paper},
  number      = {22672},
  month       = {September},
  doi         = {10.3386/w22672},
  series      = {Working Paper Series},
  timestamp   = {2017-10-22},
  url         = {http://www.nber.org/papers/w22672},
}

@Misc{OpenStax,
  author       = {OpenStax College},
  title        = {How the AD/AS Model Incorporates Growth, Unemployment, and Inflation},
  howpublished = {Online},
  month        = {09},
  year         = {2015},
  timestamp    = {2017-10-31},
  url          = {https://legacy.cnx.org/content/m57327/1.5/},
}

@Misc{MakeUseOf,
  author       = {Joel Lee},
  title        = {Self Driving Cars Endanger Millions of American Jobs (And Thatâ€™s Okay)},
  howpublished = {Online},
  month        = {06},
  year         = {2015},
  timestamp    = {2017-11-05},
  url          = {http://www.makeuseof.com/tag/self-driving-cars-endanger-millions-american-jobs-thats-okay/},
}

@Misc{MacroTheory,
  author       = {Jeffery Parker},
  title        = {Economics 314 Coursebook},
  howpublished = {Online},
  year         = {2010},
  timestamp    = {2017-10-29},
  url          = {http://www.reed.edu/economics/parker/s11/314/book/Ch14.pdf},
}

@Article{JOLTS,
  author    = {Kelly A. Clark and Rosemary Hyson},
  title     = {New tools for labor market analysis: JOLTS},
  journal   = {Monthly Labor Review},
  year      = {2001},
  volume    = {124},
  number    = {12},
  pages     = {32-37},
  issn      = {00981818, 19374658},
  publisher = {Bureau of Labor Statistics, U.S. Department of Labor},
  timestamp = {2017-10-29},
  url       = {http://www.jstor.org/stable/41861552},
}

@Comment{jabref-meta: databaseType:bibtex;}
