% Encoding: UTF-8
@article{THORNTON20131252,
title = "Predicting Healthcare Fraud in Medicaid: A Multidimensional Data Model and Analysis Techniques for Fraud Detection",
journal = "Procedia Technology",
volume = "9",
number = "Supplement C",
pages = "1252 - 1264",
year = "2013",
note = "CENTERIS 2013 - Conference on ENTERprise Information Systems / ProjMAN 2013 - International Conference on Project MANagement/ HCIST 2013 - International Conference on Health and Social Care Information Systems and Technologies",
issn = "2212-0173",
doi = "https://doi.org/10.1016/j.protcy.2013.12.140",
url = "http://www.sciencedirect.com/science/article/pii/S2212017313002946",
author = "Dallas Thornton and Roland M. Mueller and Paulus Schoutsen and Jos van Hillegersberg",
keywords = "Fraud Detection",
keywords = "Predictive Analytics",
keywords = "Healthcare",
keywords = "Medicaid",
keywords = "Data Modeling"
}

@Misc{WasteDef,
  author       = {Merriam-Webster},
  title        = {Waste},
  howpublished = {Online},
  month        = {09},
  year         = {2017},
  timestamp    = {2017-09-25},
  url          = {https://www.merriam-webster.com/dictionary/waste},
}

@Misc{HFMA,
  author       = {Vinil Menon and Parikshi Sheth},
  title        = {Big Data Analytics Can Be a Game Changer for Healthcare Fraud, Waste, and Abuse},
  howpublished = {Online},
  month        = {04},
  year         = {2016},
  timestamp    = {2017-09-25},
  url          = {https://www.hfma.org/Content.aspx?id=47523},
}

@Article{Ghuse,
  author  = {Namrata Ghuse and Pranali Pawar and Amol Potgantwar},
  title   = {An Improved Approch For Fraud Detection In Health Insurance Using Data Mining Techniques},
  journal = {International Journal of Scientific Research in Network Security and Communication},
  year    = {2017},
  volume  = {5},
  number  = {3},
  pages   = {27-33},
  month   = {06},
}

@Misc{FY2016HHSFR,
  author       = {United States Department of Health and Human Services},
  title        = {FY 2016 Agency Financial Report},
  howpublished = {Online},
  month        = {11},
  year         = {2016},
  url          = {https://www.hhs.gov/sites/default/files/fy-2016-hhs-agency-financial-report.pdf},
}

@Misc{MLNFWA,
  author       = {United States Department of Health and Human Services},
  title        = {Combating Medicare Parts C and D Fraud, Waste, and Abuse Web-Based Training Course},
  howpublished = {Online},
  month        = {01},
  year         = {2017},
  url          = {https://www.cms.gov/Outreach-and-Education/Medicare-Learning-Network-MLN/MLNProducts/Downloads/CombMedCandDFWAdownload.pdf},
}

@Misc{2015CMSStatistics,
  author       = {United States Department of Health and Human Services},
  title        = {2015 CMS Statistics},
  howpublished = {Online},
  month        = {12},
  year         = {2015},
  url          = {https://www.cms.gov/Research-Statistics-Data-and-Systems/Statistics-Trends-and-Reports/CMS-Statistics-Reference-Booklet/Downloads/2015CMSStatistics.pdf},
}

@Misc{LexisNexis,
  author       = {Mark Isbitts},
  title        = {Preventing Health Care Fraud with Big Data and Analytics},
  howpublished = {Online},
  year         = {2017},
  timestamp    = {2017-10-02},
  url          = {http://www.lexisnexis.com/risk/insights/health-care-fraud-layered-approach.aspx},
}

@Misc{Datameer,
  author       = {Erin Hitchcock},
  title        = {The Role of Big Data in Preventing Healthcare Fraud, Waste and Abuse},
  howpublished = {Online},
  month        = {09},
  year         = {2017},
  timestamp    = {2017-10-02},
  url          = {https://www.datameer.com/company/datameer-blog/role-big-data-preventing-healthcare-fraud-waste-abuse/},
}

@Misc{RevCycle,
  author       = {Rodger Smith},
  title        = {Using Big Data in the Hunt for Healthcare Fraud, Waste, and Abuse Payers must leverage all the big data analytics tools at their disposal to hunt down healthcare fraud, waste, and abuse.},
  howpublished = {Online},
  month        = {04},
  year         = {2016},
  timestamp    = {2017-10-02},
  url          = {https://revcycleintelligence.com/news/using-big-data-in-the-hunt-for-healthcare-fraud-waste-and-abuse},
}

@Misc{ModernHealthcare,
  author       = {Virgil Dickson},
  title        = {Northrop Grumman wins \$ 91 million CMS contract for fraud detection},
  howpublished = {Online},
  month        = {04},
  year         = {2016},
  timestamp    = {10/08/2017},
  url          = {http://www.modernhealthcare.com/article/20160407/NEWS/160409912},
}

@Misc{FraudShield,
  author       = {Healthcare Fraud Shield},
  title        = {FWAShield A Fully Integrated Fraud, Waste and Abuse Software System},
  howpublished = {Online},
  year         = {2017},
  timestamp    = {10/08/2017},
  url          = {http://www.hcfraudshield.com/fwashield.aspx},
}

@Misc{SASHealth,
  author       = {SAS Institute, Inc.},
  title        = {Health Insurance Get full coverage for your big data challenges.},
  howpublished = {Online},
  year         = {2017},
  timestamp    = {10/08/2017},
  url          = {https://www.sas.com/en_us/industry/health-insurance.html},
}

@Misc{TruvenHealth,
  author       = {Truven Health Analytics},
  title        = {Program Integrity},
  howpublished = {Online},
  year         = {2017},
  timestamp    = {10/08/2017},
  url          = {http://truvenhealth.com/your-healthcare-focus/government/program-integrity},
}

@Misc{SASFraud,
  author       = {SAS Institute, Inc.},
  title        = {SASÂ® Fraud Framework for Health Care},
  howpublished = {Online},
  year         = {2017},
  timestamp    = {10/08/2017},
  url          = {https://www.sas.com/en_us/software/fraud-framework-for-health-care.html},
}

@Comment{jabref-meta: databaseType:bibtex;}
